% Encoding: UTF-8
@book{Ahn_Jang_Chung_Korea_Advanced_Institute_of_Science_and_Technology_2023, 
  type={journal-article}, 
  title={SLOWFAST NETWORK FOR CONTINUOUS SIGN LANGUAGE RECOGNITION}, 
  url={https://arxiv.org/pdf/2309.12304}, 
  journal={arXiv},
  author={Ahn, Junseok and Jang, Youngjoon and Chung, Joon Son and Korea Advanced Institute of Science and Technology}, 
  year={2023}, 
  month=sep }

  @INPROCEEDINGS{10445841,
  author={Ahn, Junseok and Jang, Youngjoon and Chung, Joon Son},
  booktitle={IEEE International Conference on Acoustics, Speech and Signal Processing}, 
  title={Slowfast Network for Continuous Sign Language Recognition}, 
  year={2024},
  pages={3920-3924},
  doi={10.1109/ICASSP48485.2024.10445841}}

@article{luo2020comparison,
  title={Comparison and benchmarking of ai models and frameworks on mobile devices},
  author={Luo, Chunjie and He, Xiwen and Zhan, Jianfeng and Wang, Lei and Gao, Wanling and Dai, Jiahui},
  journal={arXiv preprint arXiv:2005.05085},
  year={2020}
}
@INPROCEEDINGS{8360327,
  author={Guo, Tian},
  booktitle={2018 IEEE International Conference on Cloud Engineering  IC2E }, 
  title={Cloud-Based or On-Device: An Empirical Study of Mobile Deep Inference}, 
  year={2018},
  volume={},
  number={},
  pages={184-190},
  keywords={Machine learning;Computational modeling;Task analysis;Cloud computing;Androids;Humanoid robots;Graphics processing units;Mobile Deep Learning;Performance Measurement},
  doi={10.1109/IC2E.2018.00042}}

  @misc{google_kotlin,
  author  = {Google},
  title   = {Kotlin for Android Development},
  year    = {2023},
  url     = {https://developer.android.com/kotlin},
  note    = {Geraadpleegd op 7 maart 2025}
}

@misc{java_android,
  author  = {Oracle},
  title   = {Java in Android Development},
  year    = {2023},
  url     = {https://developer.android.com/reference/java},
  note    = {Geraadpleegd op 7 maart 2025}
}

@misc{react_native,
  author  = {Meta  Facebook },
  title   = {React Native Documentation},
  year    = {2023},
  url     = {https://reactnative.dev/},
  note    = {Geraadpleegd op 7 maart 2025}
}

@misc{beeware,
  author  = {BeeWare},
  title   = {BeeWare Project Documentation},
  year    = {2023},
  url     = {https://beeware.org/},
  note    = {Geraadpleegd op 7 maart 2025}
}

@misc{android_ndk,
  author  = {Google},
  title   = {Android NDK - Native Development Kit},
  year    = {2023},
  url     = {https://developer.android.com/ndk},
  note    = {Geraadpleegd op 7 maart 2025}
}

@article{KASAPBASI2022100048,
title = {DeepASLR: A CNN based human computer interface for American Sign Language recognition for hearing-impaired individuals},
journal = {Computer Methods and Programs in Biomedicine Update},
volume = {2},
pages = {100048},
year = {2022},
issn = {2666-9900},
doi = {https://doi.org/10.1016/j.cmpbup.2021.100048},
url = {https://www.sciencedirect.com/science/article/pii/S2666990021000471},
author = {Ahmed KASAPBAÅžI and Ahmed Eltayeb AHMED ELBUSHRA and Omar AL-HARDANEE and Arif YILMAZ},
keywords = {Deep learning, Convolutional neural network CNN, Sign language recognition SLR, OpenCV, New Dataset}
}
@misc{farahat2022novelfeaturescramblingapproachreveals,
      title={A novel feature-scrambling approach reveals the capacity of convolutional neural networks to learn spatial relations}, 
      author={Amr Farahat and Felix Effenberger and Martin Vinck},
      year={2022},
      eprint={2212.06021},
      archivePrefix={arXiv},
      primaryClass={cs.CV},
      url={https://arxiv.org/abs/2212.06021}, 
}

@Article{electronics13071229,
AUTHOR = {Kumari, Diksha and Anand, Radhey Shyam},
TITLE = {Isolated Video-Based Sign Language Recognition Using a Hybrid CNN-LSTM Framework Based on Attention Mechanism},
JOURNAL = {Electronics},
VOLUME = {13},
YEAR = {2024},
NUMBER = {7},
ARTICLE-NUMBER = {1229},
URL = {https://www.mdpi.com/2079-9292/13/7/1229},
ISSN = {2079-9292},
DOI = {10.3390/electronics13071229}
}
@misc{vaswani2023attentionneed,
  title={Attention Is All You Need}, 
  author={Ashish Vaswani and Noam Shazeer and Niki Parmar and Jakob Uszkoreit and Llion Jones and Aidan N. Gomez and Lukasz Kaiser and Illia Polosukhin},
  year={2023},
  eprint={1706.03762},
  archivePrefix={arXiv},
  primaryClass={cs.CL},
  url={https://arxiv.org/abs/1706.03762}, 
}
@article{DU2022115,
title = {Full transformer network with masking future for word-level sign language recognition},
journal = {Neurocomputing},
volume = {500},
pages = {115-123},
year = {2022},
issn = {0925-2312},
doi = {https://doi.org/10.1016/j.neucom.2022.05.051},
url = {https://www.sciencedirect.com/science/article/pii/S0925231222006178},
author = {Yao Du and Pan Xie and Mingye Wang and Xiaohui Hu and Zheng Zhao and Jiaqi Liu},
keywords = {Word-level sign language recognition, Transformer, Mask Future},
}

@Comment{jabref-meta: databaseType:biblatex;}
